@online{rpc-datacenter,
    title={Was ist ein Remote Procedure Call - RPC?},
    author={Dipl. Betriebswirt Otto Gei√üler},
    organistation={Vogel IT-Medien GmbH},
    url={https://www.datacenter-insider.de/was-ist-ein-remote-procedure-call--rpc-a-712873/},
    data={2018-05-11},
    urldate={2021-04-11}
}

@online{rmi,
    title={RMI (remote method invocation)},
    author={DATACOM Buchverlag},
    organistation={DATACOM Buchverlag GmbH },
    url={https://www.itwissen.info/RMI-remote-method-invocation.html},
    data={2010-03-11},
    urldate={2021-04-11}
}